<record><leader>00000cas a2200000 a 4500</leader><controlfield tag="001">34007323</controlfield><controlfield tag="008">960109d18981935miuwr ne      0    0eng c</controlfield><datafield ind1=" " ind2=" " tag="010"><subfield code="a">sn 95077634 </subfield></datafield><datafield ind1=" " ind2=" " tag="040"><subfield code="a">MHN</subfield><subfield code="b">eng</subfield><subfield code="c">MHN</subfield><subfield code="d">OCL</subfield><subfield code="d">OCLCQ</subfield><subfield code="d">OCLCF</subfield><subfield code="d">OCLCO</subfield></datafield><datafield ind1="1" ind2=" " tag="029"><subfield code="a">AU@</subfield><subfield code="b">000012146927</subfield></datafield><datafield ind1=" " ind2=" " tag="042"><subfield code="a">pcc</subfield></datafield><datafield ind1=" " ind2=" " tag="043"><subfield code="a">n-us-mi</subfield></datafield><datafield ind1="0" ind2="0" tag="245"><subfield code="a">Montrose record.</subfield></datafield><datafield ind1="1" ind2="3" tag="246"><subfield code="a">Record</subfield></datafield><datafield ind1=" " ind2=" " tag="260"><subfield code="a">Montrose, Mich. :</subfield><subfield code="b">Haight Bros.</subfield></datafield><datafield ind1=" " ind2=" " tag="300"><subfield code="a">v.</subfield></datafield><datafield ind1=" " ind2=" " tag="310"><subfield code="a">Weekly</subfield></datafield><datafield ind1="1" ind2=" " tag="362"><subfield code="a">Began in Nov. or Dec. 1898.</subfield></datafield><datafield ind1="1" ind2=" " tag="362"><subfield code="a">Ceased in 1935?</subfield><subfield code="z">Cf. Brown, Elizabeth Read. A Union list of newspapers published in Michigan based on the principal newspaper collections in the state with notes concerning papers not located.</subfield></datafield><datafield ind1=" " ind2=" " tag="500"><subfield code="a">Published on Thursdays &lt;Dec. 8, 1898-Apr. 27, 1899&gt;; on Fridays &lt;May 12, 1899-Apr. 26, 1901&gt;.</subfield></datafield><datafield ind1=" " ind2=" " tag="588"><subfield code="a">Description based on: Vol. 3, no. 33 (Dec. 8, 1898).</subfield></datafield><datafield ind1=" " ind2="0" tag="651"><subfield code="a">Montrose (Mich.)</subfield><subfield code="v">Newspapers.</subfield></datafield><datafield ind1=" " ind2="0" tag="651"><subfield code="a">Genesee County (Mich.)</subfield><subfield code="v">Newspapers.</subfield></datafield><datafield ind1=" " ind2="7" tag="655"><subfield code="a">Newspapers.</subfield><subfield code="2">fast</subfield><subfield code="0">(OCoLC)fst01423814</subfield></datafield><datafield ind1=" " ind2="7" tag="651"><subfield code="a">Michigan</subfield><subfield code="z">Genesee County.</subfield><subfield code="2">fast</subfield><subfield code="0">(OCoLC)fst01214779</subfield></datafield><datafield ind1=" " ind2="7" tag="651"><subfield code="a">Michigan</subfield><subfield code="z">Montrose.</subfield><subfield code="2">fast</subfield><subfield code="0">(OCoLC)fst01292412</subfield></datafield><datafield ind1=" " ind2=" " tag="752"><subfield code="a">United States</subfield><subfield code="b">Michigan</subfield><subfield code="c">Genesee</subfield><subfield code="d">Montrose.</subfield></datafield><datafield ind1="0" ind2="0" tag="780"><subfield code="t">Record (Montrose, Mich.)</subfield><subfield code="w">(DLC)sn 95077635</subfield><subfield code="w">(OCoLC)34007355</subfield></datafield></record>